<record><leader>00000cas a2200000 a 4500</leader><controlfield tag="001">47882278</controlfield><controlfield tag="008">010830d19601966caucr ne      0    0eng c</controlfield><datafield ind1=" " ind2=" " tag="010"><subfield code="a">sn2001060536</subfield></datafield><datafield ind1=" " ind2=" " tag="040"><subfield code="a">CNK</subfield><subfield code="b">eng</subfield><subfield code="c">CNK</subfield><subfield code="d">OCLCQ</subfield><subfield code="d">OCLCF</subfield><subfield code="d">OCLCO</subfield></datafield><datafield ind1="1" ind2=" " tag="029"><subfield code="a">AU@</subfield><subfield code="b">000022959614</subfield></datafield><datafield ind1=" " ind2=" " tag="042"><subfield code="a">pcc</subfield></datafield><datafield ind1=" " ind2=" " tag="043"><subfield code="a">n-us-ca</subfield></datafield><datafield ind1="0" ind2="0" tag="245"><subfield code="a">Laguna Beach South Coast news.</subfield></datafield><datafield ind1=" " ind2=" " tag="260"><subfield code="a">Laguna Beach, Calif. :</subfield><subfield code="b">William W. Ottaway</subfield></datafield><datafield ind1=" " ind2=" " tag="300"><subfield code="a">v.</subfield></datafield><datafield ind1=" " ind2=" " tag="310"><subfield code="a">Semiweekly</subfield></datafield><datafield ind1="0" ind2=" " tag="362"><subfield code="a">Vol. 44, no. 15 (Feb. 19, 1960)-v. 51, no. 55 (July 12, 1966).</subfield></datafield><datafield ind1=" " ind2=" " tag="500"><subfield code="a">"Serving El Morro Beach, Laguna Beach, South Laguna Beach, Dana Point, Capistrano Beach, San Juan Capistrano Beach and San Clemente."</subfield></datafield><datafield ind1=" " ind2="0" tag="651"><subfield code="a">Orange County (Calif.)</subfield><subfield code="v">Newspapers.</subfield></datafield><datafield ind1=" " ind2="0" tag="651"><subfield code="a">Laguna Beach (Calif.)</subfield><subfield code="v">Newspapers.</subfield></datafield><datafield ind1=" " ind2="7" tag="655"><subfield code="a">Newspapers.</subfield><subfield code="2">fast</subfield><subfield code="0">(OCoLC)fst01423814</subfield></datafield><datafield ind1=" " ind2="7" tag="651"><subfield code="a">California</subfield><subfield code="z">Laguna Beach.</subfield><subfield code="2">fast</subfield><subfield code="0">(OCoLC)fst01206172</subfield></datafield><datafield ind1=" " ind2="7" tag="651"><subfield code="a">California</subfield><subfield code="z">Orange County.</subfield><subfield code="2">fast</subfield><subfield code="0">(OCoLC)fst01206289</subfield></datafield><datafield ind1=" " ind2=" " tag="752"><subfield code="a">United States</subfield><subfield code="b">California</subfield><subfield code="c">Orange</subfield><subfield code="d">Laguna Beach.</subfield></datafield><datafield ind1="0" ind2="0" tag="780"><subfield code="t">South Coast news</subfield><subfield code="w">(DLC)sn 94051105</subfield></datafield><datafield ind1="0" ind2="0" tag="785"><subfield code="t">South Coast news (Laguna Beach, Calif. : 1966)</subfield><subfield code="w">(DLC)sn2001060537</subfield></datafield></record>